
@article{angeletos2013sentiments,
	title={Sentiments},
	author={Angeletos, George-Marios and La'O, Jennifer},
	journal={Econometrica},
	volume={81},
	number={2},
	pages={739--779},
	year={2013},
	publisher={Wiley Online Library}
}