@inbook{laland2009animal,
	title = "Animal Culture: Problems and Solutions",
	author = "Laland, {Kevin Neville} and Kendal, {J R} and Kendal, {R L}",
	year = "2009",
	language = "English",
	isbn = "978-0-674-03126-5",
	editor = "Laland, {K N} and {Galef Jr.}, {B G}",
	booktitle = "The Question of Animal Culture",
	publisher = "Harvard University Press",
}

