@inproceedings{bdk2021household,
	title={Household surveys and probabilistic questions},
	author={Bruine de Bruin, W{\"a}ndi and Chin, Alycia and Jeff,  Dominitz and Van Der Klaauw, Wilbert},
	booktitle={Handbook of Economic Expectations},
	year={2022}
}


@inproceedings{fz2022surveyexperiments,
	title={Survey experiments on economic expectations},
	author={Fuster, Andreas and Zafar,Basit},
	booktitle={Handbook of Economic Expectations},
	year={2022}
}


@inproceedings{kps2022housingexpectation,
	title={Housing market expectations},
	author={Kuchler, Theresa and Piazzesi, Monika and Stroebel, Johannes},
	booktitle={Handbook of Economic Expectations},
	year={2022}
}



@inproceedings{bv2022bayesianlearning,
	title={Bayesian learning},
	author={Baley, Isaac and Veldkamp, Laura},
	booktitle={Handbook of Economic Expectations},
	year={2022}
}



@inproceedings{ms2022expectationlabormarket,
	title={Expectations data, labor market and job search},
	author={Mueller, Andreas I. and Spinnewijn, Johannes},
	booktitle={Handbook of Economic Expectations},
	year={2022}
}

